@inproceedings{korf,
    author = {Richard E. Korf},
    title = {Rectangle Packing: Initial Results},
    date = {2003},
    booktitle = {ICAPS-03 Proceedings}, 
}

@online{codeproject,
    author = {Matt Perdeck},
    title = {Fast Optimizing Rectangle Packing Algorithm for Building CSS Sprites},
    date = {14. Juni 2011},
    url = {https://www.codeproject.com/Articles/210979/Fast-optimizing-rectangle-packing-algorithm-for-bu"}
}